@online{zoom_meth,
  howpublished = {\url{https://www.tutorialspoint.com/dip/Zooming_Methods.htm}},
  title        = {Zooming Methods}
}

@unpublished{conv_slides,
  author    = {Sterpone, L. and De Sio, C. and Rodriguez Condia, J.E.},
  title    = {Convolution memory management}, 
  howpublished     = {lecture\_06\_GPGPU\_convolution\_memory\_management.pdf},
  year      = {2022/2023},
  note = {Slides for the lecture}
}

@unpublished{tiled_conv_slides,
  author    = {Sterpone, L. and De Sio, C. and Rodriguez Condia, J.E.},
  title    = {Tiled convolution},
  howpublished     = {lecture\_10\_GPU\_tiled\_convolution.pdf},
  year      = {2022/2023},
  note = {Slides for the lecture}
}

@online{nvidia_shared_memory,
  howpublished = {\url{https://developer.nvidia.com/blog/using-shared-memory-cuda-cc/}},
  title        = {Shared Memory}
}

@online{nvidia_global_memory_limit,
  howpublished = {\url{https://stackoverflow.com/questions/37831246/global-device-memory-size-limit-when-using-statically-alocated-memory-in-cuda}},
  title        = {Global Memory's size limit}
}

@online{jetson_nano,
  howpublished = {\url{https://developer.nvidia.com/embedded/jetson-nano-developer-kit}},
  title        = {Jetson Nano Developer Kit}
}

@online{custom_kernels_a,
  howpublished = {\url{https://docs.nvidia.com/cuda/cuda-c-programming-guide/index.html#custom-kernels}},
  title        = {Custom Kernels (darken/lighten/emboss)}
}

@online{custom_kernels_b,
  howpublished = {\url{https://en.wikipedia.org/wiki/Kernel_(image_processing)}},
  title        = {Custom Kernels (boxblur/edgedet/identity/ridge/sharpen/unsharp)}
}

@online{custom_kernels_c,
  howpublished = {\url{https://setosa.io/ev/image-kernels/}},
  title        = {Custom Kernels (sobels)}
}
